<record><leader>00000cas a22000007a 4500</leader><controlfield tag="001">11806433</controlfield><controlfield tag="008">850314d19341961utuwr ne      0    0eng d</controlfield><datafield ind1=" " ind2=" " tag="010"><subfield code="a">sn 85058053 </subfield></datafield><datafield ind1=" " ind2=" " tag="040"><subfield code="a">UNP</subfield><subfield code="b">eng</subfield><subfield code="c">UNP</subfield><subfield code="d">UBY</subfield><subfield code="d">OCLCQ</subfield><subfield code="d">OCLCO</subfield><subfield code="d">OCLCF</subfield></datafield><datafield ind1=" " ind2=" " tag="042"><subfield code="a">msc</subfield></datafield><datafield ind1=" " ind2=" " tag="043"><subfield code="a">n-us-ut</subfield></datafield><datafield ind1="0" ind2=" " tag="130"><subfield code="a">Bingham bulletin (Bingham Canyon, Utah : 1934)</subfield></datafield><datafield ind1="1" ind2="4" tag="245"><subfield code="a">The Bingham bulletin.</subfield></datafield><datafield ind1=" " ind2=" " tag="260"><subfield code="a">Bingham Canyon, Utah :</subfield><subfield code="b">H.C. Barrows,</subfield><subfield code="c">1934-1961.</subfield></datafield><datafield ind1=" " ind2=" " tag="300"><subfield code="a">27 v. :</subfield><subfield code="b">ill. ;</subfield><subfield code="c">56 cm.</subfield></datafield><datafield ind1=" " ind2=" " tag="310"><subfield code="a">Weekly</subfield></datafield><datafield ind1="0" ind2=" " tag="362"><subfield code="a">Vol. 44, no. 27 (Dec. 7, 1934)-v. 71, no. 6 (June 23, 1961).</subfield></datafield><datafield ind1=" " ind2="0" tag="651"><subfield code="a">Bingham (Utah)</subfield><subfield code="v">Newspapers.</subfield></datafield><datafield ind1=" " ind2="0" tag="651"><subfield code="a">Salt Lake County (Utah)</subfield><subfield code="v">Newspapers.</subfield></datafield><datafield ind1=" " ind2="7" tag="655"><subfield code="a">Newspapers.</subfield><subfield code="2">fast</subfield><subfield code="0">(OCoLC)fst01423814</subfield></datafield><datafield ind1=" " ind2="7" tag="651"><subfield code="a">Utah</subfield><subfield code="z">Bingham.</subfield><subfield code="2">fast</subfield><subfield code="0">(OCoLC)fst01265809</subfield></datafield><datafield ind1=" " ind2="7" tag="651"><subfield code="a">Utah</subfield><subfield code="z">Salt Lake County.</subfield><subfield code="2">fast</subfield><subfield code="0">(OCoLC)fst01207106</subfield></datafield><datafield ind1=" " ind2=" " tag="752"><subfield code="a">United States</subfield><subfield code="b">Utah</subfield><subfield code="c">Salt Lake</subfield><subfield code="d">Bingham Canyon.</subfield></datafield><datafield ind1="0" ind2="0" tag="780"><subfield code="t">Bulletin (Bingham Canyon, Utah)</subfield><subfield code="w">(DLC)sn 85058052</subfield><subfield code="w">(OCoLC)11806326</subfield></datafield><datafield ind1="0" ind2="0" tag="785"><subfield code="t">Bingham bulletin of West Jordan</subfield><subfield code="w">(DLC)sn 85058054</subfield><subfield code="w">(OCoLC)11806456</subfield></datafield></record>